<?xml version='1.0' encoding='UTF-8'?>
<record xmlns="http://www.loc.gov/MARC21/slim">
  <leader>03196cam a2200457 a 4500</leader>
  <controlfield tag="001">2795271</controlfield>
  <controlfield tag="003">NjP</controlfield>
  <controlfield tag="005">20180315103644.0</controlfield>
  <controlfield tag="008">890214s1909    mr            000 0 ara  </controlfield>
  <datafield tag="024" ind1="7" ind2=" ">
    <subfield code="a">princeton_aco002263</subfield>
    <subfield code="2">local</subfield>
  </datafield>
  <datafield ind1=" " ind2=" " tag="035">
    <subfield code="a">(OCoLC)ocn178736142</subfield>
  </datafield>
  <datafield ind1=" " ind2=" " tag="040">
    <subfield code="a">NjP</subfield>
    <subfield code="c">PUL</subfield>
    <subfield code="d">PUL</subfield>
  </datafield>
  <datafield ind1=" " ind2=" " tag="035">
    <subfield code="a">(OCoLC)178736142</subfield>
  </datafield>
  <datafield ind1=" " ind2=" " tag="035">
    <subfield code="9">CNK5229TS</subfield>
  </datafield>
  <datafield ind1=" " ind2=" " tag="035">
    <subfield code="a">(NjP)2795271</subfield>
  </datafield>
  <datafield ind1=" " ind2=" " tag="079">
    <subfield code="a">ocm78788207</subfield>
  </datafield>
  <datafield ind1=" " ind2=" " tag="049">
    <subfield code="a">PULL</subfield>
  </datafield>
  <datafield ind1="1" ind2=" " tag="100">
    <subfield code="6">880-01</subfield>
    <subfield code="a">Shinqīṭī, ʻAbd Allāh ibn Ibrāhīm,</subfield>
    <subfield code="d">-1814 or 1815</subfield>
    <subfield code="0">http://id.loc.gov/authorities/names/n80012731</subfield>
  </datafield>
  <datafield ind1="1" ind2="0" tag="240">
    <subfield code="6">880-02</subfield>
    <subfield code="a">Nashr al-bunūd ʻalá Marāqī al-suʻūd</subfield>
  </datafield>
  <datafield ind1="1" ind2="3" tag="245">
    <subfield code="6">880-03</subfield>
    <subfield code="a">al-Juzʼ al-awwal[-al-juzʼ al-thālith] min Nashr al-bunūd ʻalá Marāqī al-suʻūd /</subfield>
    <subfield code="c">lil-Shaykh ʻAbd Allāh ibn Ibrāhīm al-ʻAlawī al-Shinjīṭī. Wa-bi-hāmishihi al-Ḍiyāʼ al-lāmiʻ fī sharḥ al-Jamʻ al-jawāmiʻ / lil-ʻAllāmah Abī al-ʻAbbās Aḥmad ibn ʻAbd al-Raḥmān al-Qayrawānī al-Mālikī al-shahīr bi-Ibn Ḥalūlū.</subfield>
  </datafield>
  <datafield ind1="3" ind2="0" tag="246">
    <subfield code="6">880-04</subfield>
    <subfield code="a">Nashr al-bunūd ʻalá Marāqī al-suʻūd</subfield>
  </datafield>
  <datafield ind1=" " ind2=" " tag="260">
    <subfield code="6">880-05</subfield>
    <subfield code="a">[Morocco :</subfield>
    <subfield code="b">s.n.],</subfield>
    <subfield code="c">1327 [1909 or 1910]</subfield>
  </datafield>
  <datafield ind1=" " ind2=" " tag="300">
    <subfield code="a">3 v. ;</subfield>
    <subfield code="c">23 cm.</subfield>
  </datafield>
  <datafield ind1="1" ind2="0" tag="600">
    <subfield code="6">880-06</subfield>
    <subfield code="a">Shinqīṭī, ʻAbd Allāh ibn Ibrāhīm,</subfield>
    <subfield code="d">-1814 or 1815.</subfield>
    <subfield code="t">Marāqī al-suʻūd.</subfield>
    <subfield code="0">http://id.loc.gov/authorities/names/n84173670</subfield>
  </datafield>
  <datafield ind1=" " ind2="0" tag="650">
    <subfield code="a">Islamic law</subfield>
    <subfield code="x">Interpretation and construction</subfield>
    <subfield code="x">Early works to 1800.</subfield>
    <subfield code="0">http://id.loc.gov/authorities/subjects/sh2008104962</subfield>
  </datafield>
  <datafield ind1="1" ind2="0" tag="600">
    <subfield code="6">880-07</subfield>
    <subfield code="a">Subkī, Tāj al-Dīn ʻAbd al-Wahhāb ibn ʻAlī,</subfield>
    <subfield code="d">approximately 1327-1370.</subfield>
    <subfield code="t">Jamʻ al-jawāmiʻ fī al-uṣūl.</subfield>
  </datafield>
  <datafield ind1=" " ind2="7" tag="655">
    <subfield code="a">Lithographs</subfield>
    <subfield code="z">Morocco</subfield>
    <subfield code="y">1909</subfield>
    <subfield code="2">gmgpc</subfield>
  </datafield>
  <datafield ind1="1" ind2="2" tag="700">
    <subfield code="6">880-08</subfield>
    <subfield code="a">Ḥalūlū, Aḥmad ibn ʻAbd al-Raḥmān,</subfield>
    <subfield code="d">d. 15th cent.</subfield>
    <subfield code="t">Ḍiyāʼ al-lāmiʻ fī sharḥ al-Jamʻ al-jawāmiʻ.</subfield>
  </datafield>
  <datafield ind1="0" ind2=" " tag="740">
    <subfield code="6">880-09</subfield>
    <subfield code="a">Ḍiyāʼ al-lāmiʻ fī sharḥ al-Jamʻ al-jawāmiʻ.</subfield>
  </datafield>
  <datafield ind1="1" ind2=" " tag="880">
    <subfield code="6">100-01/r</subfield>
    <subfield code="a">شنقيطي، عبد الله بن ابراهيم،</subfield>
    <subfield code="d">d. 1814 or 15.</subfield>
  </datafield>
  <datafield ind1="1" ind2="0" tag="880">
    <subfield code="6">240-02/r</subfield>
    <subfield code="a">نشر البنود على مراقي السعود</subfield>
  </datafield>
  <datafield ind1="1" ind2="2" tag="880">
    <subfield code="6">245-03/r</subfield>
    <subfield code="a">الجزء الاول[الجزء الثالث] من نشر البنود على مراقي السعود /</subfield>
    <subfield code="c">للشيخ عبد الله بن ابراهيم العلوي الشنجيطي. وبهامشه الضياء اللامع في شرح الجمع الجوامع / للعلامة ابي العباس احمد بن عبد الرحمن القيرواني المالكي الشهير بابن حلولوا.</subfield>
  </datafield>
  <datafield ind1="3" ind2="0" tag="880">
    <subfield code="6">246-04/r</subfield>
    <subfield code="a">نشر البنود على مراقي السعود</subfield>
  </datafield>
  <datafield ind1=" " ind2=" " tag="880">
    <subfield code="6">260-05/r</subfield>
    <subfield code="a">[المرغب :</subfield>
    <subfield code="b">s.n.]،</subfield>
    <subfield code="c">1327 [1909 or 1910]</subfield>
  </datafield>
  <datafield ind1="1" ind2="4" tag="880">
    <subfield code="6">600-06/r</subfield>
    <subfield code="a">شنقيطي، عبد الله بن ابراهيم،</subfield>
    <subfield code="d">-1814 or 1815.</subfield>
    <subfield code="t">مراقي السعود.</subfield>
  </datafield>
  <datafield ind1="1" ind2="0" tag="880">
    <subfield code="6">600-07/r</subfield>
    <subfield code="a">سبكي، تاج الدين عبد الوهاب بن علي،</subfield>
    <subfield code="d">. 1327-1370.</subfield>
    <subfield code="t">جمع الجوامع.</subfield>
  </datafield>
  <datafield ind1="1" ind2="2" tag="880">
    <subfield code="6">700-08/r</subfield>
    <subfield code="a">حلولوا، احمد بن عبد الرحمن،</subfield>
    <subfield code="d">d. 15ث نت.</subfield>
    <subfield code="t">ضياء اللامع في شرح الجمع الجوامع.</subfield>
  </datafield>
  <datafield ind1="0" ind2=" " tag="880">
    <subfield code="6">740-09/r</subfield>
    <subfield code="a">ضياء اللامع في شرح الجمع الجوامع.</subfield>
  </datafield>
  <datafield ind1=" " ind2=" " tag="948">
    <subfield code="a">jeb</subfield>
  </datafield>
  <datafield ind1=" " ind2=" " tag="911">
    <subfield code="a">20000216</subfield>
  </datafield>
  <datafield ind1=" " ind2=" " tag="912">
    <subfield code="a">20000216055245.0</subfield>
  </datafield>
  <datafield ind1=" " ind2=" " tag="994">
    <subfield code="a">C0</subfield>
    <subfield code="b">PUL</subfield>
  </datafield>
  <datafield ind1=" " ind2=" " tag="999">
    <subfield code="a">2795271</subfield>
  </datafield>
  <datafield ind1="0" ind2="1" tag="852">
    <subfield code="0">3106829</subfield>
    <subfield code="b">nec</subfield>
    <subfield code="t">1</subfield>
    <subfield code="h">KBP275.S45</subfield>
    <subfield code="i">A35 1909</subfield>
  </datafield>
  <datafield ind1=" " ind2="0" tag="866">
    <subfield code="0">3106829</subfield>
    <subfield code="a">Juzʾ 1-juzʾ 3</subfield>
  </datafield>
  <datafield ind1=" " ind2="0" tag="866">
    <subfield code="0">3106829</subfield>
    <subfield code="x">DESIGNATOR: juzʾ</subfield>
  </datafield>
  <datafield ind1=" " ind2=" " tag="959">
    <subfield code="a">2000-06-13 00:00:00 -0400</subfield>
  </datafield>
</record>
